%% This BibTeX bibliography file was created using BibDesk.
%% http://bibdesk.sourceforge.net/


%% Created for Marvin Rausand at 2014-08-12 10:34:20 +0200 


%% Saved with string encoding Unicode (UTF-8) 

@article{cai2009recovery,
  title={On recovery of sparse signals via minimization},
  author={Cai, T Tony and Xu, Guangwu and Zhang, Jun},
  journal={Information Theory, IEEE Transactions on},
  volume={55},
  number={7},
  pages={3388--3397},
  year={2009},
  publisher={IEEE}
}

@article{yu2010compressive,
  title={Compressive sensing with chaotic sequence},
  author={Yu, Lei and Barbot, Jean-Pierre and Zheng, Gang and Sun, Hong},
  journal={IEEE Signal Processing Letters},
  volume={17},
  number={8},
  pages={731--734},
  year={2010}
}

@article{devore2007deterministic,
  title={Deterministic constructions of compressed sensing matrices},
  author={DeVore, Ronald A},
  journal={Journal of Complexity},
  volume={23},
  number={4},
  pages={918--925},
  year={2007},
  publisher={Elsevier}
}

@article{candes2006stable,
  title={Stable signal recovery from incomplete and inaccurate measurements},
  author={Candes, Emmanuel J and Romberg, Justin K and Tao, Terence},
  journal={Communications on pure and applied mathematics},
  volume={59},
  number={8},
  pages={1207--1223},
  year={2006},
  publisher={Wiley Online Library}
}

@article{candes2005decoding,
  title={Decoding by linear programming},
  author={Candes, Emmanuel J and Tao, Terence},
  journal={Information Theory, IEEE Transactions on},
  volume={51},
  number={12},
  pages={4203--4215},
  year={2005},
  publisher={IEEE}
}

@inproceedings{nesterov1983method,
  title={A method for unconstrained convex minimization problem with the rate of convergence O (1/k2)},
  author={Nesterov, Yurii},
  booktitle={Doklady an SSSR},
  volume={269},
  number={3},
  pages={543--547},
  year={1983}
}

@article{rudin1992nonlinear,
  title={Nonlinear total variation based noise removal algorithms},
  author={Rudin, Leonid I and Osher, Stanley and Fatemi, Emad},
  journal={Physica D: Nonlinear Phenomena},
  volume={60},
  number={1},
  pages={259--268},
  year={1992},
  publisher={Elsevier}
}

@article{needell2013stable,
  title={Stable image reconstruction using total variation minimization},
  author={Needell, Deanna and Ward, Rachel},
  journal={SIAM Journal on Imaging Sciences},
  volume={6},
  number={2},
  pages={1035--1058},
  year={2013},
  publisher={SIAM}
}

@misc{tropp2005signal,
  title={Signal recovery from partial information via orthogonal matching pursuit},
  author={Tropp, J and Gilbert, Anna C},
  year={2005},
  publisher={Citeseer}
}

@article{tropp2008iterative,
  title={Iterative signal recovery from incomplete and inaccurate measurements},
  author={Tropp, J and Needell, D and Vershynin, R},
  journal={Information Theory and Applications},
  year={2008}
}

@article{blumensath2009iterative,
  title={Iterative hard thresholding for compressed sensing},
  author={Blumensath, Thomas and Davies, Mike E},
  journal={Applied and Computational Harmonic Analysis},
  volume={27},
  number={3},
  pages={265--274},
  year={2009},
  publisher={Elsevier}
}

@article{donoho2012sparse,
  title={Sparse solution of underdetermined systems of linear equations by stagewise orthogonal matching pursuit},
  author={Donoho, David L and Tsaig, Yaakov and Drori, Iddo and Starck, Jean-Luc},
  journal={Information Theory, IEEE Transactions on},
  volume={58},
  number={2},
  pages={1094--1121},
  year={2012},
  publisher={IEEE}
}

@article{candes2006robust,
  title={Robust uncertainty principles: Exact signal reconstruction from highly incomplete frequency information},
  author={Cand{\`e}s, Emmanuel J and Romberg, Justin and Tao, Terence},
  journal={IEEE Transactions on information theory},
  volume={52},
  number={2},
  pages={489--509},
  year={2006},
  publisher={IEEE}
}

@article{candes2006robust,
  title={Robust uncertainty principles: Exact signal reconstruction from highly incomplete frequency information},
  author={Cand{\`e}s, Emmanuel J and Romberg, Justin and Tao, Terence},
  journal={IEEE Transactions on information theory},
  volume={52},
  number={2},
  pages={489--509},
  year={2006},
  publisher={IEEE}
}

@article{donoho2006compressed,
  title={Compressed sensing},
  author={Donoho, David L},
  journal={IEEE Transactions on information theory},
  volume={52},
  number={4},
  pages={1289--1306},
  year={2006},
  publisher={IEEE}
}

@book{muthukrishnan2005data,
  title={Data streams: Algorithms and applications},
  author={Muthukrishnan, Shanmugavelayutham},
  year={2005},
  publisher={Now Publishers Inc}
}

@article{nyquist1928certain,
  title={Certain topics in telegraph transmission theory},
  author={Nyquist, Harry},
  year={1928},
  publisher={publisher not identified}
}

@article{foucart2009sparsest,
  title={Sparsest solutions of underdetermined linear systems via ℓq-minimization for 0< q⩽ 1},
  author={Foucart, Simon and Lai, Ming-Jun},
  journal={Applied and Computational Harmonic Analysis},
  volume={26},
  number={3},
  pages={395--407},
  year={2009},
  publisher={Elsevier}
}

@article{gorodnitsky1995neuromagnetic,
  title={Neuromagnetic source imaging with FOCUSS: a recursive weighted minimum norm algorithm},
  author={Gorodnitsky, Irina F and George, John S and Rao, Bhaskar D},
  journal={Electroencephalography and clinical Neurophysiology},
  volume={95},
  number={4},
  pages={231--251},
  year={1995},
  publisher={Elsevier}
}

@article{sparse2007application,
  title={The application of compressed sensing for rapid MR imaging Lustig Michael; Donoho David; Pauly John M},
  author={Sparse, MRI},
  journal={Magnetic resonance in medicine: official journal of the Society of Magnetic Resonance in Medicine/Society of Magnetic Resonance in Medicine},
  volume={58},
  number={6},
  pages={1182--95},
  year={2007}
}

@article{duarte2008single,
  title={Single-pixel imaging via compressive sampling},
  author={Duarte, Marco F and Davenport, Mark A and Takhar, Dharmpal and Laska, Jason N and Sun, Ting and Kelly, Kevin E and Baraniuk, Richard G and others},
  journal={IEEE Signal Processing Magazine},
  volume={25},
  number={2},
  pages={83},
  year={2008}
}

@article{westerink1988subband,
  title={Subband coding of images using vector quantization},
  author={Westerink, Peter H and Boekee, Dick E and Biemond, Jan and Woods, John W},
  journal={IEEE Transactions on Communications},
  volume={36},
  number={6},
  pages={713--719},
  year={1988},
  publisher={IEEE}
}

@book{shi1999image,
  title={Image and video compression for multimedia engineering: Fundamentals, algorithms, and standards},
  author={Shi, Yun Q and Sun, Huifang},
  year={1999},
  publisher={CRC press}
}

@inproceedings{yang2009digital,
  title={Digital Image Watermarking Using Iterative Blending Based on Wavelet Technique},
  author={Yang, Shun-liao and Zhang, Zheng-bing},
  booktitle={2009 International Conference on Multimedia Information Networking and Security},
  volume={2},
  pages={83--86},
  year={2009},
  organization={IEEE}
}

@article{baraniuk2008simple,
  title={A simple proof of the restricted isometry property for random matrices},
  author={Baraniuk, Richard and Davenport, Mark and DeVore, Ronald and Wakin, Michael},
  journal={Constructive Approximation},
  volume={28},
  number={3},
  pages={253--263},
  year={2008},
  publisher={Springer}
}

@article{a,
  title={Optimally sparse representation in general (nonorthogonal) dictionaries via ℓ1 minimization},
  author={Donoho, David L and Elad, Michael},
  journal={Proceedings of the National Academy of Sciences},
  volume={100},
  number={5},
  pages={2197--2202},
  year={2003},
  publisher={National Acad Sciences}
}

@article{cohen2008instance,
  title={Instance optimal decoding by thresholding in compressed sensing},
  author={Cohen, Albert and Dahmen, Wolfgang and DeVore, Ronald},
  journal={Harmonic Analysis and Partial Differential Equations, Contemp. Math},
  volume={505},
  pages={1--28},
  year={2008}
}

@article{candes2006robust,
  title={Robust uncertainty principles: Exact signal reconstruction from highly incomplete frequency information},
  author={Cand{\`e}s, Emmanuel J and Romberg, Justin and Tao, Terence},
  journal={IEEE Transactions on information theory},
  volume={52},
  number={2},
  pages={489--509},
  year={2006},
  publisher={IEEE}
}

@article{donoho2006compressed,
  title={Compressed sensing},
  author={Donoho, David L},
  journal={IEEE Transactions on information theory},
  volume={52},
  number={4},
  pages={1289--1306},
  year={2006},
  publisher={IEEE}
}

@article{candes2006near,
  title={Near-optimal signal recovery from random projections: Universal encoding strategies?},
  author={Candes, Emmanuel J and Tao, Terence},
  journal={IEEE transactions on information theory},
  volume={52},
  number={12},
  pages={5406--5425},
  year={2006},
  publisher={IEEE}
}

@article{mendelson2008uniform,
  title={Uniform uncertainty principle for Bernoulli and subgaussian ensembles},
  author={Mendelson, Shahar and Pajor, Alain and Tomczak-Jaegermann, Nicole},
  journal={Constructive Approximation},
  volume={28},
  number={3},
  pages={277--289},
  year={2008},
  publisher={Springer}
}

@article{candes2007sparsity,
  title={Sparsity and incoherence in compressive sampling},
  author={Candes, Emmanuel and Romberg, Justin},
  journal={Inverse problems},
  volume={23},
  number={3},
  pages={969},
  year={2007},
  publisher={IOP Publishing}
}

@article{baraniuk2008simple,
  title={A simple proof of the restricted isometry property for random matrices},
  author={Baraniuk, Richard and Davenport, Mark and DeVore, Ronald and Wakin, Michael},
  journal={Constructive Approximation},
  volume={28},
  number={3},
  pages={253--263},
  year={2008},
  publisher={Springer}
}

@book{lorentz1996constructive,
  title={Constructive approximation: advanced problems},
  author={Lorentz, George G and von Golitschek, Manfred and Makovoz, Yuly},
  volume={304},
  year={1996},
  publisher={Springer Berlin}
}

@article{candes2005decoding,
  title={Decoding by linear programming},
  author={Candes, Emmanuel J and Tao, Terence},
  journal={IEEE transactions on information theory},
  volume={51},
  number={12},
  pages={4203--4215},
  year={2005},
  publisher={IEEE}
}

@article{donoho1989uncertainty,
  title={Uncertainty principles and signal recovery},
  author={Donoho, David L and Stark, Philip B},
  journal={SIAM Journal on Applied Mathematics},
  volume={49},
  number={3},
  pages={906--931},
  year={1989},
  publisher={SIAM}
}

@article{chen2001atomic,
  title={Atomic decomposition by basis pursuit},
  author={Chen, Scott Shaobing and Donoho, David L and Saunders, Michael A},
  journal={SIAM review},
  volume={43},
  number={1},
  pages={129--159},
  year={2001},
  publisher={SIAM}
}

@inproceedings{candes2005error,
  title={Error correction via linear programming},
  author={Candes, Emmanuel and Rudelson, Mark and Tao, Terence and Vershynin, Roman},
  booktitle={46th Annual IEEE Symposium on Foundations of Computer Science (FOCS'05)},
  pages={668--681},
  year={2005},
  organization={IEEE}
}

@article{mallat1993matching,
  title={Matching pursuits with time-frequency dictionaries},
  author={Mallat, St{\'e}phane G and Zhang, Zhifeng},
  journal={IEEE Transactions on signal processing},
  volume={41},
  number={12},
  pages={3397--3415},
  year={1993},
  publisher={IEEE}
}

@article{sun2012sparsity,
  title={Sparsity Adaptive Compressive Sampling Matching Pursuit Algorithm Based on Compressive Sensing},
  author={Sun, Guiling and Zhou, Yuhan and Wang, Zhihong and Dang, Wei and Li, Zhouzhou},
  journal={Journal of Computational Information Systems},
  volume={7},
  number={4},
  pages={2883--2890},
  year={2012},
  publisher={Citeseer}
}

@inproceedings{karp2000gpsr,
  title={GPSR: Greedy perimeter stateless routing for wireless networks},
  author={Karp, Brad and Kung, Hsiang-Tsung},
  booktitle={Proceedings of the 6th annual international conference on Mobile computing and networking},
  pages={243--254},
  year={2000},
  organization={ACM}
}

@article{duarte2008single,
  title={Single-pixel imaging via compressive sampling},
  author={Duarte, Marco F and Davenport, Mark A and Takhar, Dharmpal and Laska, Jason N and Sun, Ting and Kelly, Kevin E and Baraniuk, Richard G and others},
  journal={IEEE Signal Processing Magazine},
  volume={25},
  number={2},
  pages={83},
  year={2008}
}

@article{cahill2016gap,
  title={The gap between the null space property and the restricted isometry property},
  author={Cahill, Jameson and Chen, Xuemei and Wang, Rongrong},
  journal={Linear Algebra and its Applications},
  volume={501},
  pages={363--375},
  year={2016},
  publisher={Elsevier}
}

@article{candes2007sparsity,
  title={Sparsity and incoherence in compressive sampling},
  author={Candes, Emmanuel and Romberg, Justin},
  journal={Inverse problems},
  volume={23},
  number={3},
  pages={969},
  year={2007},
  publisher={IOP Publishing}
}

@article{donoho2005sparse,
  title={Sparse nonnegative solution of underdetermined linear equations by linear programming},
  author={Donoho, David L and Tanner, Jared},
  journal={Proceedings of the National Academy of Sciences of the United States of America},
  volume={102},
  number={27},
  pages={9446--9451},
  year={2005},
  publisher={National Acad Sciences}
}

@article{sermwuthisarn2012impulsive,
  title={Impulsive noise rejection method for compressed measurement signal in compressed sensing},
  author={Sermwuthisarn, Parichat and Gansawat, Duangrat and Patanavijit, Vorapoj and Auethavekiat, Supatana},
  journal={EURASIP Journal on advances in signal processing},
  volume={2012},
  number={1},
  pages={1--23},
  year={2012},
  publisher={Springer}
}

@article{cohen2008instance,
  title={Instance optimal decoding by thresholding in compressed sensing},
  author={Cohen, Albert and Dahmen, Wolfgang and DeVore, Ronald},
  journal={Harmonic Analysis and Partial Differential Equations, Contemp. Math},
  volume={505},
  pages={1--28},
  year={2008}
}

@article{needell2009cosamp,
  title={CoSaMP: Iterative signal recovery from incomplete and inaccurate samples},
  author={Needell, Deanna and Tropp, Joel A},
  journal={Applied and Computational Harmonic Analysis},
  volume={26},
  number={3},
  pages={301--321},
  year={2009},
  publisher={Elsevier}
}

@article{donoho2012sparse,
  title={Sparse solution of underdetermined systems of linear equations by stagewise orthogonal matching pursuit},
  author={Donoho, David L and Tsaig, Yaakov and Drori, Iddo and Starck, Jean-Luc},
  journal={IEEE Transactions on Information Theory},
  volume={58},
  number={2},
  pages={1094--1121},
  year={2012},
  publisher={IEEE}
}


